\usepackage{hyperref}


@misc{chirpstarksite, title={ChirpStack}, author={Orne Brocaar}, howpublished={\url{https://www.chirpstack.io/}}}